
@inproceedings{berant2013freebase,
  author = {J. Berant and A. Chou and R. Frostig and P. Liang},
  booktitle = {Empirical Methods in Natural Language Processing (EMNLP)},
  title = {Semantic Parsing on {F}reebase from Question-Answer Pairs},
  year = {2013},
}

@inproceedings{berant2013semantic,
  title={Semantic Parsing on Freebase from Question-Answer Pairs.},
  author={Berant, Jonathan and Chou, Andrew and Frostig, Roy and Liang, Percy},
  booktitle={EMNLP},
  pages={1533--1544},
  year={2013}
}

@inproceedings{yao2014information,
  title={Information extraction over structured data: Question answering with freebase},
  author={Yao, Xuchen and Van Durme, Benjamin},
  booktitle={Proceedings of ACL},
  year={2014}
}

@inproceedings{chen2014knowledge,
  title={Knowledge expansion over probabilistic knowledge bases},
  author={Chen, Yang and Wang, Daisy Zhe},
  booktitle={Proceedings of the 2014 ACM SIGMOD international conference on Management of data},
  pages={649--660},
  year={2014},
  organization={ACM}
}

@inproceedings{dong2014knowledge,
  title={Knowledge vault: A web-scale approach to probabilistic knowledge fusion},
  author={Dong, Xin and Gabrilovich, Evgeniy and Heitz, Geremy and Horn, Wilko and Lao, Ni and Murphy, Kevin and Strohmann, Thomas and Sun, Shaohua and Zhang, Wei},
  booktitle={Proceedings of the 20th ACM SIGKDD international conference on Knowledge discovery and data mining},
  pages={601--610},
  year={2014},
  organization={ACM}
}

@inproceedings{chang2014typed,
  title={Typed tensor decomposition of knowledge bases for relation extraction},
  author={Chang, Kai-Wei and Yih, Wen-tau and Yang, Bishan and Meek, Christopher},
  booktitle={Proceedings of the 2014 Conference on Empirical Methods in Natural Language Processing (EMNLP)},
  pages={1568--1579},
  year={2014}
}

@article{bellare2013woo,
  title={Woo: A scalable and multi-tenant platform for continuous knowledge base synthesis},
  author={Bellare, Kedar and Curino, Carlo and Machanavajihala, Ashwin and Mika, Peter and Rahurkar, Mandar and Sane, Aamod},
  journal={Proceedings of the VLDB Endowment},
  volume={6},
  number={11},
  pages={1114--1125},
  year={2013},
  publisher={VLDB Endowment}
}

@article{niu2012deepdive,
  title={DeepDive: Web-scale Knowledge-base Construction using Statistical Learning and Inference},
  author={Niu, Feng and Zhang, Ce and R{\'e}, Christopher and Shavlik, Jude W},
  journal={VLDS},
  volume={12},
  pages={25--28},
  year={2012}
}









